@article{Bharadwajetal2013,
  Author = {Bharadwaj, Prashant and L{\"o}ken, Katrine Vellesen and Neilson, Christopher},
  Title = {{Early Life Health Interventions and Academic Achievement}},
  Journal = {American Economic Review},
  Volume = {103},
  Number = {5},
  Year = {2013},
  Month = {August},
  Pages = {1862-1891},
  DOI = {10.1257/aer.103.5.1862},
}

@article{Almondetal2010,
  Author = {Almond, Douglas and Joseph J. Doyle Jr. and Amanda E. Kowalski and Heidi Williams},
  Title = {{Estimating Marginal Returns to Medical Care: Evidence from At-Risk Newborns}},
  Journal = {Quarterly Journal of Economics},
  Volume = {125},
  Number = {2},
  Year = {2010},
  Pages = {591-634},
}
